@misc{ieeefocs,
  author = {{IEEE Symposium on Foundations of Computer Science}},
  title = {IEEE FOCS Conference},
  year = {2024},
  url = {https://ieee-focs.org},
  note = {Accessed: 2025-02-27}
}

@misc{focs2024,
  author = {{IEEE Symposium on Foundations of Computer Science}},
  title = {FOCS 2024 - 65th Annual IEEE Symposium on Foundations of Computer Science},
  year = {2024},
  url = {https://focs.computer.org/2024/},
  note = {Accessed: 2025-02-27}
}
